
@article{Crameri2020MisuseColourScience,
  title = {The Misuse of Colour in Science Communication},
  author = {Crameri, Fabio and Shephard, Grace E. and Heron, Philip J.},
  year = {2020},
  journal = {Nat. Commun.},
  volume = {11},
  number = {1},
  pages = {5444},
  publisher = {{Nature Publishing Group}},
  issn = {2041-1723},
  doi = {10.1038/s41467-020-19160-7},
  urldate = {2023-02-27},
  copyright = {2020 The Author(s)},
  langid = {english},
  keywords = {colormap,Scientific community,Software}
}
